@book{Solid,
	title = "Introduction to Solid State Physics Eigth Edition",
	author = "Charles Kittel",
	year = "2005",
	publisher = {John Wiley \& Sons},
	address = {{University of California, Berkeley}}
}

@article{UToronto,
	title = "Optical Tweezers, Advanced Undergraduate Laboratory`",
	author = "J. Shen",
	year = "2010",
	journal = "University of Toronto, Department of Physics",
	url = "https://www.physics.utoronto.ca/apl/opt/opt.pdf"
}