@misc{RelDeBroglie,
	author = {Fabrizio Logiurato},
	title = {{Relativistic Derivations of de Broglie and Planck-Einstein Equations}},
	howpublished = {Department of Physics, Trento University},
	year = {2012},
	note = {Accesed at \href{https://arxiv.org/pdf/1208.0119.pdf}{https://arxiv.org/pdf/1208.0119.pdf}, [Accessed 19-02-2024]},
}


@misc{DoS,
	author = {Calvin R. King Jr.},
	title = {{Density of States: 2D, 1D, and 0D}},
	howpublished = {Department of Electrical and Computer Engineering, Georgia Institute of Technology},
	year = {2005},
	note = {Accesed at \href{https://alan.ece.gatech.edu/ECE6451/Lectures/StudentLectures/King_Notes_Density_of_States_2D1D0D.pdff}, [Accessed 19-02-2024]},
}

@book{Solid,
	title = "Introduction to Solid State Physics Eigth Edition",
	author = "Charles Kittel",
	year = "2005",
	publisher = {John Wiley \& Sons},
	address = {{University of California, Berkeley}}
}

@misc{IRDS,
	title = {{IEEE, International Roadmap For Devices and Systems, Lithography}},
	publisher = "IEEE",
	year = "2022/2023",
}
